@online{mooreslaw,
  author       = {Nick Yoder},
  title        = {Moore's Law and Quantum Computers},
  year         = {2023},
  url          = {https://nickyoder.com/moores-law-quantum-computer/},
}

@article{Peruzzo2014,
    author = {Peruzzo, Alberto and McClean, Jarrod and Shadbolt, Peter and Yung, Man-Hong and Zhou, Xiao-Qi and Love, Peter J. and Aspuru-Guzik, Alán and O'Brien, Jeremy L.},
    title = {A variational eigenvalue solver on a photonic quantum processor},
    journal = {Nature Communications},
    volume = {5},
    pages = {4213},
    year = {2014},
    doi = {10.1038/ncomms5213},
    url = {https://arxiv.org/pdf/1304.3061}
}
@article{arxiv_2311.09634,
    author = {Yoshikawa, Atsushi and Sato, Takuya and Sato, Takahiro and Sato, Taisuke and Sato, Takuji},
    title = {Towards Accurate Quantum Chemical Calculations on Noisy Quantum Computers},
    journal = {arXiv preprint arXiv:2311.09634},
    year = {2023},
    url = {https://arxiv.org/pdf/2311.09634}
}

@article{arxiv_2004.03004,
    author = {Lavrijsen, Wim and Tudor, Ana and Müller, Juliane and Iancu, Costin and de Jong, Wibe},
    title = {Classical Optimizers for Noisy Intermediate-Scale Quantum Devices},
    journal = {arXiv preprint arXiv:2004.03004},
    year = {2020},
    url = {https://arxiv.org/abs/2004.03004}
}

@article{arxiv_2005.08451,
    author = {Yalouz, Saad and Sugisaki, Kenji and Nakazawa, Shohei and Toyota, Koki and Sato, Hirofumi and Kurashige, Yuki and Takui, Takeji and Shiozaki, Toru},
    title = {Qubit Coupled Cluster Singles and Doubles Variational Quantum Eigensolver Ansatz for Quantum Chemical Calculations},
    journal = {arXiv preprint arXiv:2005.08451},
    year = {2020},
    url = {https://arxiv.org/abs/2005.08451}
}

@article{arxiv_2402.17993,
    author = {Sugisaki, Kenji and Toyota, Koki and Sato, Hirofumi and Kurashige, Yuki and Takui, Takeji},
    title = {Size-consistency and Orbital-invariance Issues Revealed by VQE-UCCSD Calculations with the FMO Scheme},
    journal = {arXiv preprint arXiv:2402.17993},
    year = {2024},
    url = {https://arxiv.org/abs/2402.17993}
}

@article{arxiv_2409.05939,
    author = {Kumar, Ankit and Sharma, Kunal and Cerezo, M. and Coles, Patrick J.},
    title = {Fast Gradient-free Optimization of Excitations in Variational Quantum Algorithms},
    journal = {arXiv preprint arXiv:2409.05939},
    year = {2024},
    url = {https://arxiv.org/pdf/2409.05939}
}


@article{arxiv_1910.05168,
    author = {Greene-Diniz, Gabriel and Muñoz Ramo, David},
    title = {Generalized Unitary Coupled Cluster Excitations for Multireference Molecular States Optimized by the Variational Quantum Eigensolver},
    journal = {arXiv preprint arXiv:1910.05168},
    year = {2019},
    url = {https://arxiv.org/abs/1910.05168}
}

@misc{wikipedia_qubit,
  title        = {Qubit},
  author       = {{Wikipedia contributors}},
  year         = {2025},
  url          = {https://en.wikipedia.org/wiki/Qubit},
  note         = {Last accessed: January 8, 2025}
}
@misc{ibm_quantum_computing,
  author       = {{IBM Quantum}},
  title        = {Quantum Computing Topics},
  year         = {2025},
  url          = {https://www.ibm.com/think/topics/quantum-computing},
  note         = {Accessed: 2025-01-14}
}
@article{mps_peps_tensor_networks,
  title        = {Matrix Product States and Projected Entangled Pair States: Concepts, Symmetries, and Theorems},
  author       = {Cirac, J. Ignacio and Perez-Garcia, David and Schuch, Norbert and Verstraete, Frank},
  journal      = {arXiv},
  year         = {2020},
  url          = {https://arxiv.org/abs/2011.12127},
  pages        = {14-15},
  note         = {Discusses MPS and PEPS techniques for representing and simulating quantum systems efficiently.}
}

@misc{AQS,
  title={Analogue Quantum Simulation: A New Instrument for Scientific Understanding},
  author={Dominik Hangleiter and Jacques Carolan and Karim P. Y. Thébault},
  year={2023},
  eprint={2303.00814},
  archivePrefix={arXiv},
  primaryClass={quant-ph},
  doi={10.1007/978-3-030-87216-8},
  url={https://arxiv.org/abs/2303.00814}
}
@article{QuantumSimulation,
  title={Quantum Simulation},
  author={I. M. Georgescu and S. Ashhab and Franco Nori},
  journal={Reviews of Modern Physics},
  volume={86},
  pages={41},
  year={2014},
  doi={10.1103/RevModPhys.86.153},
  eprint={1308.6253},
  archivePrefix={arXiv},
  primaryClass={quant-ph},
  url={https://arxiv.org/abs/1308.6253}
}
@misc{wiki:hamiltonian_quantum_mechanics,
  title        = {Hamiltonian (quantum mechanics)},
  howpublished = {\url{https://en.wikipedia.org/wiki/Hamiltonian_(quantum_mechanics)}},
  note         = {Last accessed: December 20, 2024}
}
@unpublished{tao_schrodinger,
  author       = {Terence Tao},
  title        = {The Schrödinger Equation},
  note         = {Available at \url{https://www.math.ucla.edu/~tao/preprints/schrodinger.pdf}},
  year         = {2006},
  month        = {3},
  institution  = {University of California, Los Angeles}
}
@article{VQEs,
  author       = {Kyle M. Sherbert and Hisham Amer and Sophia E. Economou and Edwin Barnes and Nicholas J. Mayhall},
  title        = {Parameterization and optimizability of pulse-level VQEs},
  journal      = {arXiv preprint arXiv:2405.15166},
  year         = {2024},
  url          = {https://arxiv.org/pdf/2405.15166},
  note         = {Last accessed: January 8, 2025}
}

@misc{ibm_vqe_tutorial,
  author       = {IBM Quantum},
  title        = {Variational Quantum Eigensolver Tutorial},
  howpublished = {\url{https://learning.quantum.ibm.com/tutorial/variational-quantum-eigensolver}},
  note         = {Last accessed: January 8, 2025}
}

@article{VQE_review,
  title={The Variational Quantum Eigensolver: a review of methods and best practices},
  author={Tilly, Jules and Chen, Hongxiang and Cao, Shuxiang and Picozzi, Dario and Setia, Kanav and Li, Ying and Grant, Edward and Wossnig, Leonard and Rungger, Ivan and Booth, George H and others},
  journal={arXiv preprint arXiv:2111.05176},
  year={2021}
}
@misc{wiki:hartree_fock_method,
  title        = {Hartree–Fock method},
  url          = {https://en.wikipedia.org/wiki/Hartree%E2%80%93Fock_method},
  note         = {Last accessed: January 9, 2025}
}
@misc{wiki:post_hartree_fock,
  title        = {Post-Hartree-Fock},
  url          = {https://en.wikipedia.org/wiki/Post%E2%80%93Hartree%E2%80%93Fock},
  note         = {Last accessed: January 9, 2025}
}
@article{ADAPTVQE,
  title={ADAPT-VQE: An Adaptive Variational Algorithm for Quantum Chemistry},
  author={Harper R. Grimsley and Sophia E. Economou and Edwin Barnes and Nicholas J. Mayhall},
  journal={Nature Communications},
  year={2019},
  eprint={1812.11173},
  archivePrefix={arXiv},
  primaryClass={quant-ph},
  url={https://arxiv.org/pdf/1812.11173},
  doi={10.1038/s41467-019-10988-2}
}
@article{SecondQuantization,
  title={Ground State Energy Estimation on Current Quantum Hardware Through The Variational Quantum Eigensolver: A Comprehensive Study},
  author={Belaloui, Nacer Eddine and Tounsi, Abdellah and Khamadja, Rabah Abdelmouheymen and Louamri, Mohamed Messaoud and Benslama, Achour and Bernal Neira, David E. and Rouabah, Mohamed Taha},
  journal={arXiv preprint arXiv:2412.02606},
  year={2024}
}
@article{OptimizationAlgorithms,
  title={An overview of gradient descent optimization algorithms},
  author={Ruder, Sebastian},
  journal={arXiv preprint arXiv:1609.04747},
  year={2016},
  url={https://arxiv.org/pdf/1609.04747}
}
@misc{pennylane_qngoptimizer,
  author       = {PennyLane Developers},
  title        = {qml.QNGOptimizer — PennyLane 0.39.0 documentation},
  year         = {2025},
  url          = {https://docs.pennylane.ai/en/stable/code/api/pennylane.QNGOptimizer.html},
  note         = {Accessed: January 14, 2025}
}
@article{pirandola2015advances,
  author       = {Pirandola, Stefano and Eisert, Jens and Weedbrook, Christian and Furusawa, Akira and Braunstein, Samuel L.},
  title        = {Advances in Quantum Teleportation},
  journal      = {Nature Photonics},
  volume       = {9},
  number       = {10},
  pages        = {641--652},
  year         = {2015},
  doi          = {10.1038/nphoton.2015.154},
  url          = {https://doi.org/10.1038/nphoton.2015.154}
}
@article{decoherence,
  author       = {Wojciech H. Zurek},
  title        = {Decoherence and the Transition from Quantum to Classical -- REVISITED},
  journal      = {arXiv preprint quant-ph/0306072},
  year         = {2003},
  url          = {https://arxiv.org/pdf/quant-ph/0306072}
}
@inproceedings{optimizing_decoherence,
  author       = {Yu Zhang and Haowei Deng and Quanxi Li and Haoze Song and Leihai Nie},
  title        = {Optimizing Quantum Programs against Decoherence: Delaying Qubits into Quantum Superposition},
  booktitle    = {Proceedings of the 13th International Symposium on Theoretical Aspects of Software Engineering (TASE)},
  year         = {2019},
  pages        = {doi:10.1109/TASE.2019.000-2},
  eprint       = {arXiv:1904.09041},
  url          = {https://arxiv.org/abs/1904.09041}
}
